@article{WienerEH15,
  author    = {Lucas Wiener and
               Tomas Ekholm and
               Philipp Haller},
  title     = {Modular Responsive Web Design using Element Queries},
  journal   = {CoRR},
  volume    = {abs/1511.01223},
  year      = {2015},
  url       = {http://arxiv.org/abs/1511.01223},
  timestamp = {Tue, 01 Dec 2015 19:22:34 +0100},
  biburl    = {http://dblp.uni-trier.de/rec/bib/journals/corr/WienerEH15},
  bibsource = {dblp computer science bibliography, http://dblp.org}
}

@online{bootstrap,
    title = {Bootstrap},
    author = {Mark Otto and Jacob Thornton},
    url = {http://getbootstrap.com/},
    year = {2016},
    lastaccessed = "January 15, 2016"
}

@article{parnas1972criteria,
  title={On the criteria to be used in decomposing systems into modules},
  author={Parnas, David Lorge},
  journal={Communications of the ACM},
  volume={15},
  number={12},
  pages={1053--1058},
  year={1972},
  publisher={ACm}
},

@inproceedings{badros1999constraint,
  title={Constraint cascading style sheets for the web},
  author={Badros, Greg J and Borning, Alan and Marriott, Kim and Stuckey, Peter},
  booktitle={Proceedings of the 12th annual ACM symposium on User interface software and technology},
  pages={73--82},
  year={1999},
  organization={ACM}
}

@Article{BadrosBS01,
  title = "The Cassowary linear arithmetic constraint solving
     algorithm",
  author =  "Greg J. Badros and Alan Borning and Peter J. Stuckey",
  journal = "ACM Trans. Comput.-Hum. Interact",
  year =  "2001",
  number =  "4",
  volume =  "8",
  pages = "267--306",
}


@MastersThesis{elq-thesis,
  author={Lucas Wiener},
  title={{ELQ: Extensible Element Queries for Modular Responsive Web Components}},
  school={KTH Royal Institute of Technology},
  address={Sweden},
  year={2015},
}

@online{html-spec,
    title = {{HTML} 5.1},
    author = {{W3C}},
    url = {https://www.w3.org/TR/html/dom},
    year = {2016},
    lastaccessed = "February 2, 2017"
},

@online{lesscss,
    title = {{LESS}},
    author = {Alexis Sellier},
    url = {http://lesscss.org/},
    year = {2015},
    lastaccessed = "March 9, 2015"
},


@online{mq-em,
    title = {The {EM}s have it: Proportional Media Queries {FTW}!},
    author = {Lyza Gardner},
    url = {http://blog.cloudfour.com/the-ems-have-it-proportional-media-queries-ftw/},
    year = {2012},
    lastaccessed = "March 2, 2015"
},

@online{cassowary_js,
    title = {Cassowary/{JS}},
    author = {Alex Russell},
    url = {https://github.com/slightlyoff/cassowary.js},
    year = {2015},
    lastaccessed = "March 5, 2015"
},

@online{gss_issue,
    title={Element queries with precompilation},
    author={{Grid Style Sheets}},
    url = {https://github.com/gss/engine/issues/178},
    year = {2015},
    lastaccessed = "June, 8 2015"
},


@online{w3c_eq_mail,
    title = {{W3C} public mail archive: The :min-width/:max-width pseudo-classes},
    author = {{W3C}},
    url = {https://lists.w3.org/Archives/Public/www-style/2013Mar/0368.html},
    year = {2013},
    lastaccessed = "April 28, 2015"
},

@online{ricg_irc_log,
    title = {{RICG} {IRC} log},
    publisher = {{RICG}},
    url = {http://ircbot.responsiveimages.org/bot/log/respimg/2015-03-05#T117108},
    year = {2015},
    lastaccessed = "April 29, 2015"
},

@online{ricg_issue_viewport,
    title = {{CSS} Containment Draft},
    publisher = {{RICG}},
    url = {https://github.com/ResponsiveImagesCG/cq-usecases/issues/7},
    year = {2014},
    lastaccessed = "April 29, 2015"
},
@online{w3c_dom2_events,
    title = {Document Object Model Events},
    author = {{W3C}},
    publisher = {{W3C}},
    url = {http://www.w3.org/TR/DOM-Level-2/events.html},
    year = {2000},
    lastaccessed = "March 14, 2015"
},
@online{backalley,
    title = {Cross-Browser, Event-based, Element Resize Detection},
    author = {Daniel Buchner},
    url = {http://www.backalleycoder.com/2013/03/18/cross-browser-event-based-element-resize-detection/},
    year = {2013},
    lastaccessed = "March 23, 2015"
},
@online{w3c_css_mq,
    title={Media Queries},
    author={{W3C}},
    url={http://www.w3.org/TR/css3-mediaqueries/},
    year = {2012},
    lastaccessed = "May 19, 2015"
},
@online{w3c_css_selectors,
    title={Selectors Level 3},
    author={{W3C}},
    url={http://www.w3.org/TR/css3-selectors/},
    year = {2011},
    lastaccessed = "May 19, 2015"
},


% EQ implementations
@misc{eq_imp_localised-css,
    title = {Localised {CSS}},
    author = {Chris Ashton},
    url = {https://github.com/ChrisBAshton/localised-css},
    year = {2015},
    lastaccessed = {April 29, 2015}
},
@online{eq_imp_breakpointsjs,
    title = {{breakpoints.js}},
    author = {Joshua Stoutenburg},
    url = {https://github.com/reusables/breakpoints.js},
    year = {2015},
    lastaccessed = {April 29, 2015}
},
@online{eq_imp_mediaclass,
    title = {{MediaClass}},
    author = {Jonathan Neal},
    url = {https://github.com/jonathantneal/MediaClass},
    year = {2015},
    lastaccessed = {April 29, 2015}

},
@online{eq_imp_elementquery,
    title = {ElementQuery},
    url = {https://github.com/tysonmatanich/elementQuery},
    author = {Tyson Matanich},
    year = {2015},
    lastaccessed = {April 29, 2015}

},
@online{eq_imp_element-queries,
    title = {Element Queries},
    url = {https://github.com/csuwildcat/element-queries},
    author = {Daniel Buchner},
    year = {2015},
    lastaccessed = {April 29, 2015}
},
@online{eq_imp_responsive-elements,
    title = {Responsive Elements},
    url = {https://github.com/kumailht/responsive-elements},
    author = {Kumail Hunaid},
    year = {2015},
    lastaccessed = {April 29, 2015}
},
@online{eq_imp_magichtml,
    title = {{MagicHTML}},
    author = {Gabriel Felipe},
    url = {https://github.com/gabriel-felipe/MagicHTML},
    year = {2015},
    lastaccessed = {April 29, 2015}
},
@online{eq_imp_sickles,
    title = {{SickleS}},
    author = {Truong Nguyen},
    url = {http://singggum3b.github.io/SickleS/},
    year = {2015},
    lastaccessed = {April 29, 2015}

},
@online{eq_imp_css-element-queries,
    title = {CSS Element Queries},
    url = {https://github.com/marcj/css-element-queries},
    author = {Marc J. Schmidt},
    year = {2015},
    lastaccessed = {April 29, 2015}

},
@online{eq_imp_responsive-elements-2,
    title = {Responsive Elements},
    url = {https://github.com/coreyworrell/responsive-elements},
    author = {Corey Worrell},
    year = {2015},
    lastaccessed = {April 29, 2015}

},
@online{eq_imp_selector_queries,
    title = {Selector queries and responsive containers},
    url = {https://github.com/ahume/selector-queries/},
    author = {Andy Hume},
    year = {2015},
    lastaccessed = {April 29, 2015}

},
@online{eq_imp_eqjs,
    title = {{eq.js}},
    author = {Sam Richard},
    url = {github.com/Snugug/eq.js},
    year = {2015},
    lastaccessed = {April 29, 2015}

},
@online{eq_imp_breaks2000,
    title = {{breaks2000}},
    author = {Daniel H{\"a}gglund},
    url = {https://github.com/judas-christ/breaks2000},
    year = {2015},
    lastaccessed = {April 29, 2015}

},
@online{eq_imp_classquery,
    title = {{Class Query}},
    author = {Matt Stow},
    url = {https://github.com/stowball/Class-Query},
    year = {2015},
    lastaccessed = {April 29, 2015}

},
@online{eq_imp_eqcss,
    title = {{EQCSS}},
    author = {Tommy Hodgins and Maxime Euzi{\`e}re},
    url = {http://elementqueries.com/},
    year = {2015},
    lastaccessed = {April 29, 2015}

},
@online{eq_imp_gss,
    title = {{Grid Style Sheets 2.0}},
    author = {Dan Tocchini},
    url = {http://gridstylesheets.org/},
    year = {2015},
    lastaccessed = {April 29, 2015}

},
@online{eq_imp_prollyfill-min-width,
    title = {prollyfill-min-width},
    url = {https://github.com/FremyCompany/prollyfill-min-width/},
    author = {Fran{\c c}ois Remy},
    year = {2015},
    lastaccessed = {April 29, 2015}

},
